<?xml version="1.0" encoding="UTF-8"?><collection xmlns="http://www.loc.gov/MARC21/slim"><record><leader>00589nam--2200193-i-4500</leader><controlfield tag="001">000047656</controlfield><controlfield tag="002">20161230</controlfield><controlfield tag="005">20170206084411</controlfield><controlfield tag="008">060222s1000------------r-----000-0-eng-d</controlfield><datafield ind1=" " ind2=" " tag="040"><subfield code="a">IFIN-HH</subfield></datafield><datafield ind1=" " ind2=" " tag="080"><subfield code="a">548.73</subfield></datafield><datafield ind1="1" ind2=" " tag="100"><subfield code="a">Bijvoet, J.M</subfield></datafield><datafield ind1="1" ind2="0" tag="245"><subfield code="a">X-ray Analysis of Crystals</subfield><subfield code="b">translated by H. Littman Furth</subfield><subfield code="c">J.M. Bijvoet</subfield></datafield><datafield ind1=" " ind2=" " tag="250"><subfield code="a">First English Edition</subfield></datafield><datafield ind1=" " ind2=" " tag="260"><subfield code="a">London</subfield><subfield code="b">Butterworths Scientific Publications</subfield><subfield code="c">1951</subfield></datafield><datafield ind1=" " ind2=" " tag="300"><subfield code="a">304p</subfield></datafield><datafield ind1=" " ind2=" " tag="500"><subfield code="a">Titlul original in limba germana: Rontgenanalyse Van Krystallen</subfield></datafield><datafield ind1=" " ind2=" " tag="852"><subfield code="a">10011</subfield><subfield code="c">537.531</subfield></datafield><datafield ind1=" " ind2=" " tag="CAT"><subfield code="a">SYS</subfield><subfield code="c">20170206</subfield><subfield code="h">084411</subfield></datafield></record></collection>